@Article{Farrell2011,
AUTHOR = {Farrell, P. E. and Piggott, M. D. and Gorman, G. J. and Ham, D. A. and Wilson, C. R. and Bond, T. M.},
TITLE = {Automated continuous verification for numerical simulation},
JOURNAL = {Geoscientific Model Development},
VOLUME = {4},
YEAR = {2011},
NUMBER = {2},
PAGES = {435--449},
DOI = {10.5194/gmd-4-435-2011}
}
